@inproceedings{bible,
  doi = {10.4230/LIPICS.MFCS.2021.49},
  
  url = {https://drops.dagstuhl.de/opus/volltexte/2021/14489/},
  
  author = {Géran, Yoan and Laboureix, Bastien and Mascle, Corto and Richard, Valentin D.},
  
  keywords = {formal languages, models of computation, automata theory, Theory of computation},
  
  language = {en},
  
  title = {Keyboards as a New Model of Computation},
  
  publisher = {Schloss Dagstuhl - Leibniz-Zentrum für Informatik},
  
  year = {2021},
  
  copyright = {Creative Commons Attribution 4.0 International license}
}